% Encoding: UTF-8

@InProceedings{Borenstein1995,
  author  = {Borenstein, Johann and Feng, Liqiang},
  title   = {Correction of systematic odometry errors in mobile robots},
  year    = {1995},
  doi     = {10.1109/IROS.1995.525942},
  isbn    = {0-8186-7108-4},
  journal = {IEEE International Conference on Intelligent Robots and Systems},
}

@INPROCEEDINGS{Kedzierski2016,
author = {Kędzierski, Jan},
year = {2016},
month = {03},
title = {Filtr Kalmana - zastosowania w prostych układach sensorycznych.},
doi = {10.13140/RG.2.1.1336.4884}
}

@Book{GettingStartedWithProcessing,
  author       = {Casey Reas and Ben Fry},
  publisher    = {O'Reilly Media Inc.},
  title        = {Getting Started With Processing},
  year         = {2010},
  isbn         = {9},
  file         = {:/Users/tomaszu/Downloads/Getting_Started_with_Processing.pdf:PDF},
  howpublished = {O'Reilly Media, Inc.},
}

@InProceedings{Hess2016,
  author = {Hess, Wolfgang and Kohler, Damon and Rapp, Holger and Andor, Daniel},
  title  = {Real-time loop closure in 2D LIDAR SLAM},
  year   = {2016},
  month  = {05},
  pages  = {1271-1278},
  doi    = {10.1109/ICRA.2016.7487258},
}

@ARTICLE{Grisetti2007,
  author={G. {Grisetti} and C. {Stachniss} and W. {Burgard}},
  journal={IEEE Transactions on Robotics}, 
  title={Improved Techniques for Grid Mapping With Rao-Blackwellized Particle Filters}, 
  year={2007},
  volume={23},
  number={1},
  pages={34-46},
  doi={10.1109/TRO.2006.889486}}

@INPROCEEDINGS{Grisetti2005,
  author={G. {Grisettiyz} and C. {Stachniss} and W. {Burgard}},
  booktitle={Proceedings of the 2005 IEEE International Conference on Robotics and Automation}, 
  title={Improving Grid-based SLAM with Rao-Blackwellized Particle Filters by Adaptive Proposals and Selective Resampling}, 
  year={2005},
  volume={},
  number={},
  pages={2432-2437},
  doi={10.1109/ROBOT.2005.1570477}}
  
@article{Murphy2000,
author = {Murphy, Kevin},
year = {2000},
month = {05},
pages = {},
title = {Bayesian Map Learning in Dynamic Environments}
}

@MastersThesis{Zhang2018,
  author = {Yuan Zhang},
  school = {University of Turku},
  title  = {Localization and 2D Mapping Using Low-Cost Lidar},
  year   = {2018},
}

@Manual{SlamForDummies,
  title  = {SLAM for Dummies},
  author = {Søren Riisgaard and Morten Rufus Blas},
  file   = {:/Users/tomaszu/Downloads/slam_for_dummies.pdf:PDF},
}

@misc{rviz,
  title = "Strona modułu RViz",
  howpublished = "\url{http://wiki.ros.org/rviz}", 
  note = "[dostęp 24.11.2020]"
}

@misc{ros,
  title = "Strona projektu ROS",
  howpublished = "\url{https://www.ros.org/}", 
  note = "[dostęp 24.11.2020]"
}

@misc{gmapping-ros,
  title = "Strona modułu gmapping do ROS",
  howpublished = "\url{http://wiki.ros.org/gmapping}", 
  note = "[dostęp 24.11.2020]"
}

@misc{gmapping-website,
  title = "Strona informacyjna kodu i algorytmu Gmapping",
  howpublished = "\url{https://openslam-org.github.io/gmapping.html}", 
  note = "[dostęp 24.11.2020]"
}

@misc{stm32duino-github,
  title = "Repozytorium kodu STM32duino",
  howpublished = "\url{https://github.com/stm32duino}", 
  note = "[dostęp 24.11.2020]"
}

@misc{platformio,
  title = "Strona główna projektu PlatformIO",
  howpublished = "\url{https://platformio.org/platformio-ide}", 
  note = "[dostęp 24.11.2020]"
}

@misc{python,
  title = "Strona główna projektu Python",
  howpublished = "\url{https://www.python.org/}", 
  note = "[dostęp 24.11.2020]"
}

@misc{cpp,
  title = "Strona główna standardu języka C++",
  howpublished = "\url{https://isocpp.org/}", 
  note = "[dostęp 24.11.2020]"
}

@misc{bluepill,
  title = "Strona informacyjna płytki ``blue pill``",
  howpublished = "\url{https://stm32-base.org/boards/STM32F103C8T6-Blue-Pill.html}", 
  note = "[dostęp 24.11.2020]"
}

@misc{vacuum-history,
  title = "Strona opisująca historię robotycznych odkurzaczy",
  howpublished = "\url{http://www.vacuumcleanerhistory.com/vacuum-cleaner-development/history-of-robotic-vacuum-cleaner/}", 
  note = "[dostęp 24.11.2020]"
}

@misc{arduino-boards,
  title = "Strona płytek Arduino",
  howpublished = "\url{https://www.arduino.cc/en/Main/Products}", 
  note = "[dostęp 24.11.2020]"
}

@misc{stm32-datasheet,
  title = "Dokumentacja techniczna mikrokontrolera STM32F103C8",
  howpublished = "\url{https://www.st.com/resource/en/datasheet/stm32f103c8.pdf}", 
  note = "[dostęp 24.11.2020]"
}

@misc{inventor,
  title = "Strona programu Autodesk Inventor",
  howpublished = "\url{https://www.autodesk.com/products/inventor/overview}", 
  note = "[dostęp 24.11.2020]"
}

@misc{scanbot-repo,
  title = "Repozytorium kodu niniejszego projektu",
  howpublished = "\url{https://github.com/Tomaszu97/ScanBot}", 
  note = "[dostęp 30.11.2020]"
}

@misc{qtforpython,
  title = "Qt for Python - implementacja środowiska Qt5 dla języka Python",
  howpublished = "\url{https://doc.qt.io/qtforpython/index.html}", 
  note = "[dostęp 30.11.2020]"
}

@article{hard-iron,
author = {Mihai, Cornea and Nilgesz, Arnold and Birouas, Flaviu and Tarca, Radu},
year = {2016},
title = {Hard iron distortion compensation for 3 axis magnetometer},
journal = {Recent Innovations in Mechatronics},
doi = {10.17667/riim.2016.1-2/5.}
}

@article{hard-soft-iron,
author = {Kuncar, Ales and Sysel, Martin and Urbanek, Tomas},
year = {2016},
title = {Calibration of low-cost triaxial magnetometer},
journal = {MATEC Web of Conferences},
doi = {10.1051/matecconf/20167605008}
}



@misc{lidar-datasheet-1,
  title = "Dokumentacja techniczna sensora Benewake Lidar TF Luna",
  howpublished = "\url{https://www.robotshop.com/media/files/content/b/ben/pdf/tf-luna-8m-lidar-distance-sensor-datasheet.pdf}", 
  note = "[dostęp 01.12.2020]"
}

@misc{lidar-datasheet-2,
  title = "Dokumentacja techniczna sensora Benewake Lidar TFMini-S",
  howpublished = "\url{https://www.mybotshop.de/Datasheet/Benewake_TFMini-S_Datasheet.pdf}", 
  note = "[dostęp 01.12.2020]"
}

@misc{lidar-datasheet-3,
  title = "Dokumentacja techniczna sensora Benewake Lidar TFMini Plus",
  howpublished = "\url{https://cdn.sparkfun.com/assets/1/4/2/1/9/TFmini_Plus_A02_Product_Manual_EN.pdf}", 
  note = "[dostęp 01.12.2020]"
}

@misc{lidar-datasheet-4,
  title = "Dokumentacja techniczna sensora Benewake Lidar TF02 Pro",
  howpublished = "\url{https://www.robotshop.com/media/files/content/b/ben/pdf/benewake-tf02-pro-lidar-led-rangefinder-ip65-40m-manual_.pdf}", 
  note = "[dostęp 01.12.2020]"
}

@misc{lidar-datasheet-5,
  title = "Dokumentacja techniczna sensora Benewake Lidar TF02",
  howpublished = "\url{https://cdn.sparkfun.com/assets/1/6/1/d/8/tf02_datasheet-en.pdf}", 
  note = "[dostęp 01.12.2020]"
}

@misc{lidar-datasheet-6,
  title = "Dokumentacja techniczna sensora Slamtec RPLidar A1M8",
  howpublished = "\url{https://www.digikey.bg/htmldatasheets/production/3265529/0/0/1/A1M8.pdf}", 
  note = "[dostęp 01.12.2020]"
}

@misc{lidar-datasheet-7,
  title = "Dokumentacja techniczna sensora SparkFun Lidar Lite v3",
  howpublished = "\url{https://download.kamami.pl/p562733-LIDAR_Lite_v3_Operation_Manual_and_Technical_Specifications.pdf}", 
  note = "[dostęp 01.12.2020]"
}

@misc{lidar-datasheet-8,
  title = "Dokumentacja techniczna sensora SparkFun Lidar Lite v3HP",
  howpublished = "\url{https://cdn.sparkfun.com/assets/9/a/6/a/d/LIDAR_Lite_v3HP_Operation_Manual_and_Technical_Specifications.pdf}", 
  note = "[dostęp 01.12.2020]"
}

@misc{lidar-datasheet-9,
  title = "Dokumentacja techniczna sensora Slamtec RPLidar A2M8",
  howpublished = "\url{https://cdn.sparkfun.com/assets/e/a/f/9/8/LD208_SLAMTEC_rplidar_datasheet_A2M8_v1.0_en.pdf}", 
  note = "[dostęp 01.12.2020]"
}

@misc{lidar-datasheet-10,
  title = "Dokumentacja techniczna sensora Slamtec RPLidar A2M6",
  howpublished = "\url{https://www.generationrobots.com/media/LD206_SLAMTEC_rplidar_datasheet_A2M6_v0.1_en}", 
  note = "[dostęp 01.12.2020]"
}

@misc{lidar-datasheet-11,
  title = "Dokumentacja techniczna sensora Benewake Lidar CE30-A",
  howpublished = "\url{http://en.benewake.com/res/wuliu/docs/15772060131205712DE-LiDAR%20CE30-A%20Datasheet%20-%20V014-EN.pdf}", 
  note = "[dostęp 01.12.2020]"
}

@misc{part-list-1,
  title = "Płytka ``blue pill`` STM32F103",
  howpublished = "\url{https://kamami.pl/zestawy-uruchomieniowe-stm32/579165-stm32f103c8t6-bluepill-zestaw-ewaluacyjny-z-mikrokontrolerem-stm32f103c8t6.html}", 
  note = "[dostęp 02.12.2020]"
}

@misc{part-list-2,
  title = "Moduł Bluetooth HC-05",
  howpublished = "\url{https://botland.com.pl/pl/moduly-bluetooth/2891-modul-bluetooth-hc-05-v2.html}", 
  note = "[dostęp 02.12.2020]"
}

@misc{part-list-3,
  title = "Wyświetlacz OLED",
  howpublished = "\url{https://kamami.pl/wyswietlacze-oled-graficzne/574495-modoled096i2cgvss-wyswietlacz-oled-096-i2c-ze-sterownikiem-ssd1306.html?search_query=ssd1306&results=27}", 
  note = "[dostęp 02.12.2020]"
}

@misc{part-list-4,
  title = "Przetwornica step-down",
  howpublished = "\url{https://botland.com.pl/pl/przetwornice-step-down/2967-przetwornica-step-down-lm2596-32v-35v-3a-5903351241397.html}", 
  note = "[dostęp 02.12.2020]"
}

@misc{part-list-5,
  title = "Sensor Lidar TF Luna",
  howpublished = "\url{https://botland.com.pl/pl/skanery-laserowe/16638-laserowy-czujnik-odleglosci-lidar-tf-luna-8m-uarti2c.html}", 
  note = "[dostęp 02.12.2020]"
}

@misc{part-list-6,
  title = "Filament DevilDesign PLA żółty",
  howpublished = "\url{https://3lian.pl/produkt/pla-175-zolty-dd/}", 
  note = "[dostęp 02.12.2020]"
}

@misc{part-list-7,
  title = "Filament DevilDesign TPU czarny",
  howpublished = "\url{https://3lian.pl/produkt/tpu-175-czarny-devil-design-330g-mala-szpula/}", 
  note = "[dostęp 02.12.2020]"
}

@misc{part-list-8,
  title = "Ogniwo Litowo-Jonowe",
  howpublished = "\url{https://botland.com.pl/pl/akumulatory-li-ion/10036-ogniwo-18650-li-ion-sony-us18650vtc5a-2600mah.html}", 
  note = "[dostęp 02.12.2020]"
}

@misc{part-list-9,
  title = "Para konektorów XT30",
  howpublished = "\url{http://www.modele.sklep.pl/pl/Katalog/KONEKTORY-PRZEWODY-AKCESORIA/Konektory/M-WTYK-XT30-PARA.html}", 
  note = "[dostęp 02.12.2020]"
}

@misc{part-list-10,
  title = "Ładowarka pakietów Litowo-Jonowych",
  howpublished = "\url{http://www.modele.sklep.pl/pl/Katalog/LADOWARKI-ZASILACZE-I-BALANCERY/LADOWARKI/REDOX-ALPHA-V2.html}", 
  note = "[dostęp 02.12.2020]"
}

@misc{part-list-11,
  title = "Zasilacz do ładowarki pakietów",
  howpublished = "\url{http://www.modele.sklep.pl/pl/Katalog/LADOWARKI-ZASILACZE-I-BALANCERY/ZASILACZE/Zasilacz-sieciowy-12V-5A-REDOX.html}", 
  note = "[dostęp 02.12.2020]"
}

@misc{part-list-12,
  title = "Serwomechanizm TowerPro MG-90S",
  howpublished = "\url{http://www.modele.sklep.pl/pl/Katalog/Serwa/Serwa-analogowe/Tower-Pro-MG-90S.html}", 
  note = "[dostęp 02.12.2020]"
}

@misc{part-list-13,
  title = "Serwomechanizm TowerPro MG-995",
  howpublished = "\url{http://www.modele.sklep.pl/pl/Katalog/Serwa/Serwa-cyfrowe/Tower-Pro-MG-995.html}", 
  note = "[dostęp 02.12.2020]"
}

@misc{part-list-14,
  title = "Przycisk wł/wył z podświetleniem",
  howpublished = "\url{https://www.banggood.com/19mm-Metal-Waterproof-12-24V-5Pin-ON-OFF-Push-Button-Switch-LED-Power-Switch-p-1364500.html}", 
  note = "[dostęp 02.12.2020]"
}

@misc{part-list-15,
  title = "Płytka uniwersalna dwustronna",
  howpublished = "\url{https://botland.com.pl/pl/plytki-uniwersalne/2744-plytka-uniwersalna-dwustronna-40x60mm.html}", 
  note = "[dostęp 02.12.2020]"
}

@misc{part-list-16,
  title = "Rolka przewodu drucianego",
  howpublished = "\url{https://botland.com.pl/pl/przewody-jednozylowe/12584-przewod-druciany-pcv-025mm-8-kolorow-rolka-250m.html}", 
  note = "[dostęp 02.12.2020]"
}

@misc{part-list-17,
  title = "Konwerter USB-UART",
  howpublished = "\url{https://botland.com.pl/pl/konwertery-usb-uart-rs232-rs485/5341-konwerter-usb-uart-ftdi-ft232rl-gniazdo-microusb-waveshare-11324.html}", 
  note = "[dostęp 02.12.2020]"
}

@misc{part-list-18,
  title = "Brzęczyk z generatorem",
  howpublished = "\url{https://botland.com.pl/pl/buzzery-generatory-dzwieku/786-buzzer-z-generatorem-5v-12mm-tht.html}", 
  note = "[dostęp 02.12.2020]"
}

@misc{part-list-19,
  title = "Enkoder EC-11",
  howpublished = "\url{https://botland.com.pl/pl/enkodery/6903-enkoder-z-przyciskiem-20-impulsow-12mm-ec11-pionowy.html}",
  note = "[dostęp 02.12.2020]"
}